<collection xmlns="http://www.loc.gov/MARC21/slim">
<record>
  <leader>02935nam0a2200517 i 450 </leader>
  <controlfield tag="001">IT\ICCU\CNCE\048136</controlfield>
  <controlfield tag="005">20130627000000.0</controlfield>
  <datafield tag="012" ind1=" " ind2=" ">
    <subfield code="a">n.e. s.es nuo. SeTu (3) 1600 (R)</subfield>
    <subfield code="2">fei</subfield>
  </datafield>
  <datafield tag="100" ind1=" " ind2=" ">
    <subfield code="a">19990315d1600        0itac0103    ba</subfield>
  </datafield>
  <datafield tag="101" ind1=" " ind2=" ">
    <subfield code="a">LAT</subfield>
  </datafield>
  <datafield tag="102" ind1=" " ind2=" ">
    <subfield code="a">IT</subfield>
  </datafield>
  <datafield tag="200" ind1="1" ind2=" ">
    <subfield code="a">℗Pomponii Taurelli, Montisclariculi comitis, academici Innominati Parmensis ℗Carminum libri sex</subfield>
  </datafield>
  <datafield tag="210" ind1=" " ind2=" ">
    <subfield code="a">Parmae</subfield>
    <subfield code="c">ex typographia Erasmi Viotti</subfield>
    <subfield code="d">1600</subfield>
    <subfield code="e">Parmae</subfield>
    <subfield code="g">ex typographia Erasmi Viotti</subfield>
    <subfield code="h">1600</subfield>
  </datafield>
  <datafield tag="215" ind1=" " ind2=" ">
    <subfield code="a">\4!, 166, \2! p.</subfield>
    <subfield code="d">4ʻ</subfield>
  </datafield>
  <datafield tag="300" ind1=" " ind2=" ">
    <subfield code="a">Var. A: sul front. stemma dei Farnese. - Var.B: sul front. stemma del dedicatario Francesco Maria II Della Rovere</subfield>
  </datafield>
  <datafield tag="620" ind1=" " ind2=" ">
    <subfield code="a">IT</subfield>
    <subfield code="d">Parma</subfield>
  </datafield>
  <datafield tag="700" ind1=" " ind2="1">
    <subfield code="a">Torelli,</subfield>
    <subfield code="b">Pomponio</subfield>
    <subfield code="3">IT\ICCU\CNCA\007064</subfield>
  </datafield>
  <datafield tag="712" ind1="0" ind2="0">
    <subfield code="a">Viotti, Erasmo</subfield>
    <subfield code="3">IT\ICCU\CNCT\000264</subfield>
    <subfield code="4">650</subfield>
  </datafield>
  <datafield tag="790" ind1=" " ind2="0">
    <subfield code="a">℗Il ℗Perduto</subfield>
    <subfield code="3">IT\ICCU\CNCA\007091</subfield>
    <subfield code="z">Torelli, Pomponio</subfield>
  </datafield>
  <datafield tag="790" ind1=" " ind2="1">
    <subfield code="a">Torello,</subfield>
    <subfield code="b">Pomponio</subfield>
    <subfield code="3">IT\ICCU\CNCA\023892</subfield>
    <subfield code="z">Torelli, Pomponio</subfield>
  </datafield>
  <datafield tag="790" ind1=" " ind2="1">
    <subfield code="a">Taurellus,</subfield>
    <subfield code="b">Pomponius</subfield>
    <subfield code="3">IT\ICCU\CNCA\023893</subfield>
    <subfield code="z">Torelli, Pomponio</subfield>
  </datafield>
  <datafield tag="791" ind1="0" ind2="0">
    <subfield code="a">Viothus, Erasmus</subfield>
    <subfield code="3">IT\ICCU\CNCT\004167</subfield>
    <subfield code="z">Viotti, Erasmo</subfield>
  </datafield>
  <datafield tag="791" ind1="0" ind2="0">
    <subfield code="a">Vioto, Erasmo</subfield>
    <subfield code="3">IT\ICCU\CNCT\005893</subfield>
    <subfield code="z">Viotti, Erasmo</subfield>
  </datafield>
  <datafield tag="791" ind1="0" ind2="0">
    <subfield code="a">Viotus, Erasmus</subfield>
    <subfield code="3">IT\ICCU\CNCT\005894</subfield>
    <subfield code="z">Viotti, Erasmo</subfield>
  </datafield>
  <datafield tag="791" ind1="0" ind2="0">
    <subfield code="a">Viottus, Erasmus</subfield>
    <subfield code="3">IT\ICCU\CNCT\005895</subfield>
    <subfield code="z">Viotti, Erasmo</subfield>
  </datafield>
  <datafield tag="791" ind1="0" ind2="0">
    <subfield code="a">Viotto, Erasmo</subfield>
    <subfield code="3">IT\ICCU\CNCT\005896</subfield>
    <subfield code="z">Viotti, Erasmo</subfield>
  </datafield>
  <datafield tag="801" ind1=" " ind2="3">
    <subfield code="a">IT</subfield>
    <subfield code="b">ICCU</subfield>
    <subfield code="c">20201115</subfield>
  </datafield>
  <datafield tag="899" ind1=" " ind2=" ">
    <subfield code="a">Biblioteca Apostolica Vaticana. Citt ̉del Vaticano</subfield>
    <subfield code="1">EX0001</subfield>
    <subfield code="2">ZCV 01</subfield>
  </datafield>
  <datafield tag="899" ind1=" " ind2=" ">
    <subfield code="a">Biblioteca universitaria. Genova</subfield>
    <subfield code="1">GE0038</subfield>
    <subfield code="2">LIG 01</subfield>
  </datafield>
  <datafield tag="899" ind1=" " ind2=" ">
    <subfield code="a">Biblioteca comunale Francesco Antolisei. San Severino Marche</subfield>
    <subfield code="z">(Var. B)</subfield>
    <subfield code="1">MC0075</subfield>
    <subfield code="2">UMC FA</subfield>
  </datafield>
  <datafield tag="899" ind1=" " ind2=" ">
    <subfield code="a">Biblioteca nazionale Braidense. Milano</subfield>
    <subfield code="1">MI0185</subfield>
    <subfield code="2">MIL NB</subfield>
  </datafield>
  <datafield tag="899" ind1=" " ind2=" ">
    <subfield code="a">Biblioteca Estense Universitaria. Modena</subfield>
    <subfield code="1">MO0089</subfield>
    <subfield code="2">MOD BE</subfield>
  </datafield>
  <datafield tag="899" ind1=" " ind2=" ">
    <subfield code="a">Biblioteca universitaria. Pisa</subfield>
    <subfield code="z">(Var. B)</subfield>
    <subfield code="1">PI0112</subfield>
    <subfield code="2">PIS R1</subfield>
  </datafield>
  <datafield tag="899" ind1=" " ind2=" ">
    <subfield code="a">Biblioteca Palatina. Parma</subfield>
    <subfield code="1">PR0072</subfield>
    <subfield code="2">PAR PA</subfield>
  </datafield>
  <datafield tag="899" ind1=" " ind2=" ">
    <subfield code="a">Biblioteca comunale. Urbania</subfield>
    <subfield code="z">(Var.B)</subfield>
    <subfield code="1">PU0095</subfield>
    <subfield code="2">URB UR</subfield>
  </datafield>
  <datafield tag="899" ind1=" " ind2=" ">
    <subfield code="a">Biblioteca  Panizzi. Reggio Emilia</subfield>
    <subfield code="1">RE0052</subfield>
    <subfield code="2">RE2 PA</subfield>
  </datafield>
  <datafield tag="899" ind1=" " ind2=" ">
    <subfield code="a">Biblioteca nazionale centrale. Roma</subfield>
    <subfield code="z">(Var. A)</subfield>
    <subfield code="1">RM0267</subfield>
    <subfield code="2">BVE CR</subfield>
  </datafield>
  <datafield tag="899" ind1=" " ind2=" ">
    <subfield code="a">Biblioteca universitaria Alessandrina. Roma</subfield>
    <subfield code="1">RM0280</subfield>
    <subfield code="2">RML 01</subfield>
  </datafield>
  <datafield tag="899" ind1=" " ind2=" ">
    <subfield code="a">Biblioteca Angelica. Roma</subfield>
    <subfield code="1">RM0290</subfield>
    <subfield code="2">RML 06</subfield>
  </datafield>
  <datafield tag="899" ind1=" " ind2=" ">
    <subfield code="a">British Library. London</subfield>
    <subfield code="1">UK0001</subfield>
  </datafield>
  <datafield tag="911" ind1=" " ind2=" ">
    <subfield code="a">sul front.</subfield>
    <subfield code="9">IT\ICCU\CNCM\000660</subfield>
  </datafield>
  <datafield tag="911" ind1=" " ind2=" ">
    <subfield code="a">In fine.</subfield>
    <subfield code="9">IT\ICCU\CNCM\000188</subfield>
  </datafield>
  <datafield tag="911" ind1=" " ind2=" ">
    <subfield code="a">Sul front. della var. B</subfield>
    <subfield code="9">IT\ICCU\CNCM\002604</subfield>
  </datafield>
  <datafield tag="921" ind1=" " ind2=" ">
    <subfield code="a">IT\ICCU\CNCM\000660</subfield>
    <subfield code="b">Stemma ducale dei Farnese. In cornice figurata</subfield>
    <subfield code="c">V160</subfield>
    <subfield code="f">FARNESE</subfield>
    <subfield code="f">STEMMA</subfield>
    <subfield code="g">1589-1600</subfield>
  </datafield>
  <datafield tag="921" ind1=" " ind2=" ">
    <subfield code="a">IT\ICCU\CNCM\000188</subfield>
    <subfield code="b">Liocorno che immerge il corno in un corso d&apos;acqua. In cornice figurata.</subfield>
    <subfield code="e">Nasce dalla virtu la scurezza; Virtus securitate parit.</subfield>
    <subfield code="c">T8</subfield>
    <subfield code="c">V161</subfield>
    <subfield code="c">Z813</subfield>
    <subfield code="d">Dimensioni 8 x 10</subfield>
    <subfield code="f">ASPIDI</subfield>
    <subfield code="f">LIOCORNO</subfield>
    <subfield code="f">VIRTUSSECU</subfield>
    <subfield code="g">1574-1600</subfield>
  </datafield>
  <datafield tag="921" ind1=" " ind2=" ">
    <subfield code="a">IT\ICCU\CNCM\002604</subfield>
    <subfield code="b">Stemma ducale dei Farnese. In cornice figurata</subfield>
    <subfield code="c">U1119</subfield>
    <subfield code="f">STEMMA</subfield>
    <subfield code="f">FARNESE</subfield>
    <subfield code="f">PUTTI</subfield>
    <subfield code="f">CORONA</subfield>
    <subfield code="f">CHIAVI</subfield>
    <subfield code="g">1600</subfield>
  </datafield>
</record>
</collection>
